@article{944968,
 author = {Guyon, Isabelle and Elisseeff, Andr\'{e}},
 title = {An introduction to variable and feature selection},
 journal = {JMLR},
 year = {2003},
 publisher = {JMLR.org},
 }


@inproceedings{1321585,
 author = {Sarmento, Luis and Jijkuon, Valentin and de Rijke, Maarten and Oliveira, Eugenio},
 title = {"More like these": growing entity classes from seeds},
 booktitle = {CIKM},
 year = {2007},
 }


@InProceedings{mohler-mihalcea:2009:EACL,
  author    = {Mohler, Michael  and  Mihalcea, Rada},
  title     = {Text-to-Text Semantic Similarity for Automatic Short Answer Grading},
  booktitle = {EACL},
  year      = {2009},
  url       = {http://www.aclweb.org/anthology/E09-1065}
}

@article{wikitaxo07,
  author = {Simone Paolo Ponzetto and Michael Strube},
  title = {Deriving a Large Scale Taxonomy from Wikipedia},
  url = {http://www.eml-research.de/english/homes/strube/papers/aaai07.pdf},
  journal = {AAAI},
  year = {2007},
}

@inproceedings{bunescu06encyclopedic,
  author = {Razvan Bunescu and Marius Pasca},
  booktitle = {EACL},
  title = {Using Encyclopedic Knowledge for Named Entity Disambiguation },
  url = {http://www.cs.utexas.edu/~ml/publication/paper.cgi?paper=encyc-eacl-06.ps.gz},
  year = {2006},
}

 @InProceedings{talukdar-EtAl:2006:CoNLL-X,
  author    = {Talukdar, Partha Pratim  and  Brants, Thorsten  and  Liberman, Mark  and  Pereira, Fernando},
  title     = {A Context Pattern Induction Method for Named Entity Extraction},
  booktitle = {CoNLL-X},
  year      = {2006},
  url       = {http://www.aclweb.org/anthology/W/W06/W06-2919}
}


@INPROCEEDINGS{WangCohen09,
    author = {Richard C. Wang, William W. Cohen},
    title = {Automatic Set Instance Extraction using the Web},
    booktitle = {ACL-IJCNLP},
    year = {2009}
}

@INPROCEEDINGS{VyasPantel09,
    author = {Vishnu Vyas, Patrick Pantel},
    title = {Semi-Automatic Entity Set Refinement},
    booktitle = {NAACL-09},
    year = {2009}
}

@InProceedings{kozareva-riloff-hovy:2008:ACLMain,
  author    = {Kozareva, Zornitsa  and  Riloff, Ellen  and  Hovy, Eduard},
  title     = {Semantic Class Learning from the Web with Hyponym Pattern Linkage Graphs},
  booktitle = {ACL-HLT},
  year      = {2008},
  url       = {http://www.aclweb.org/anthology/P/P08/P08-1119}
}


@INPROCEEDINGS{4470258,
	title={Language-Independent Set Expansion of Named Entities Using the Web},
	author={Wang, R.C. and Cohen, W.W.},
	journal={ICDM},
	year={2007},
}

@INPROCEEDINGS{4781230,
	title={Iterative Set Expansion of Named Entities Using the Web},
	author={Wang, R.C. and Cohen, W.W.},
	journal={ICDM},
	year={2008},
}

@inproceedings{citeulike:454000,
	author = {Zhang, Zhu  },
	booktitle = {CIKM},
        title = {Weakly-Supervised Relation Classification for Information Extraction},
	year = {2004}
}

@inproceedings{maccartney-manning:2008:PAPERS,
	author = {Maccartney, Bill and Manning, Christopher  D. },
	booktitle = {COLING},
        title = {Modeling Semantic Containment and Exclusion in Natural Language Inference},
	year = {2008}
}

@InProceedings{davidov-rappoport:2008:ACLMain2,
  author    = {Davidov, Dmitry  and  Rappoport, Ari},
  title     = {Unsupervised Discovery of Generic Relationships Using Pattern Clusters and its Evaluation by Automatically Generated {SAT} Analogy Questions},
  booktitle = {ACL-HLT},
  year      = {2008},
}

@InProceedings{banko-etzioni:2008:ACLMain,
  author    = {Banko, Michele  and  Etzioni, Oren},
  title     = {The Tradeoffs Between Open and Traditional Relation Extraction},
  booktitle = {ACL-HLT},
  year      =  {2008},
}

@InProceedings{bunescu-mooney:2007:ACLMain,
  author    = {Bunescu, Razvan  and  Mooney, Raymond},
  title     = {Learning to Extract Relations from the Web using Minimal Supervision},
  booktitle = {ACL},
  year      = {2007},
}

@INPROCEEDINGS{Dagan05thepascal,
    author = {Ido Dagan and Oren Glickman},
    title = {The pascal recognising textual entailment challenge},
    booktitle = {PASCAL Challenges Workshop on Recognising Textual Entailment},
    year = {2005}
}

@InProceedings{pacsca-vandurme:2008:ACLMain,
  author    = {Pa\c{s}ca, Marius  and  Van Durme, Benjamin},
  title     = {Weakly-Supervised Acquisition of Open-Domain Classes and Class Attributes from Web Documents and Query Logs},
  booktitle = {ACL-HLT},
  year      = {2008},
}

@inproceedings{citeulike:1587018,
	author = {Pa\c{s}ca, Marius},
	booktitle = {WWW},
        title = {Organizing and Searching the World Wide Web of Facts â€” Step Two: Harnessing the Wisdom of the Crowds},
	year = {2007}
}

@INPROCEEDINGS{Cooper1996FraCaS,
    author = {Robin Cooper and Richard Crouch and Jan van Eijck and Chris Fox and Josef van Genabith and Jan Jaspers and Hans Kamp and Manfred Pinkal and Massimo Poesio and Stephen Pulman and Espen Vestre},
    title = {Describing the Approaches},
    booktitle = {The FraCaS Consortium},
    year = {1996}
}

@inproceedings{suchanek2007WWW,
 author = {Fabian M. Suchanek and Gjergji Kasneci and Gerhard Weikum},
 title = {{Yago: A Core of Semantic Knowledge}},
 booktitle = {WWW},
 year = {2007},
}

@InProceedings{richman-schone:2008:ACLMain,
  author    = {Richman, Alexander E.  and  Schone, Patrick},
  title     = {Mining Wiki Resources for Multilingual Named Entity Recognition},
  booktitle = {ACL-HLT},
  year      = {2008},
}

@article{citeulike:2157093,
	author = {Gabrilovich, E.  and Markovitch, S. },
	citeulike-article-id = {2157093},
	journal = {IJCAI},
	year = {2007}
}

@inproceedings{citeulike:282193,
	author = {Hearst, Marti  A. },
	booktitle = {COLING},
        title = {Acquisition of Hyponyms from Large Text Corpora},
	year = {1992}
}

@inproceedings{ilprints665,
       booktitle = {NIPS},
           title = {Learning syntactic patterns for automatic hypernym discovery},
          author = {Rion Snow and Daniel Jurafsky and Andrew Y. Ng},
            year = {2005},
         journal = {NIPS},
}

 @phdthesis{pantel03phd,
title = {Clustering by committee},
author = {Patrick Andre Pantel},
year = {2003},
} 

@inproceedings{citeulike:2915130,
	author = {Ravichandran, Deepak   and Pantel, Patrick   and Hovy, Eduard  },
	booktitle = {ACL},
	title = {Randomized algorithms and NLP: using locality sensitive hash function for high speed noun clustering},
	year = {2005}
}

@INPROCEEDINGS{Pereira93distributionalclustering,
    author = {Fernando Pereira},
    title = {Distributional clustering of english words},
    booktitle = {ACL},
    year = {1993},
}


@inproceedings{Snow2006,
	author = {Snow, Rion   and Jurafsky, Daniel   and Ng, Andrew  Y. },
	booktitle = {ACL},
	title = {Semantic taxonomy induction from heterogenous evidence},
	year = {2006}
}

	