@inproceedings{maccartney-manning:2008:PAPERS,
	address = {Manchester, UK},
	author = {Maccartney, Bill and Manning, Christopher  D. },
	booktitle = {Proceedings of the 22nd International Conference on Computational Linguistics (Coling 2008)},
	citeulike-article-id = {3273967},
	keywords = {coling2008, semantics, trg},
	month = {August},
	pages = {521--528},
	posted-at = {2008-09-16 17:40:57},
	priority = {0},
	publisher = {Coling 2008 Organizing Committee},
	title = {Modeling Semantic Containment and Exclusion in Natural Language Inference},
	url = {http://www.aclweb.org/anthology/C08-1066},
	year = {2008}
}

@InProceedings{davidov-rappoport:2008:ACLMain2,
  author    = {Davidov, Dmitry  and  Rappoport, Ari},
  title     = {Unsupervised Discovery of Generic Relationships Using Pattern Clusters and its Evaluation by Automatically Generated {SAT} Analogy Questions},
  booktitle = {Proceedings of ACL-08: HLT},
  month     = {June},
  year      = {2008},
  address   = {Columbus, Ohio},
  publisher = {Association for Computational Linguistics},
  pages     = {692--700},
  url       = {http://www.aclweb.org/anthology/P/P08/P08-1079}
}

@InProceedings{banko-etzioni:2008:ACLMain,
  author    = {Banko, Michele  and  Etzioni, Oren},
  title     = {The Tradeoffs Between Open and Traditional Relation Extraction},
  booktitle = {Proceedings of ACL-08: HLT},
  month     = {June},
  year      = {2008},
  address   = {Columbus, Ohio},
  publisher = {Association for Computational Linguistics},
  pages     = {28--36},
  url       = {http://www.aclweb.org/anthology/P/P08/P08-1004}
}

@InProceedings{bunescu-mooney:2007:ACLMain,
  author    = {Bunescu, Razvan  and  Mooney, Raymond},
  title     = {Learning to Extract Relations from the Web using Minimal Supervision},
  booktitle = {Proceedings of the 45th Annual Meeting of the Association of Computational Linguistics},
  month     = {June},
  year      = {2007},
  address   = {Prague, Czech Republic},
  publisher = {Association for Computational Linguistics},
  pages     = {576--583},
  url       = {http://www.aclweb.org/anthology/P/P07/P07-1073}
}

@INPROCEEDINGS{Dagan05thepascal,
    author = {Ido Dagan and Oren Glickman},
    title = {The pascal recognising textual entailment challenge},
    booktitle = {In Proceedings of the PASCAL Challenges Workshop on Recognising Textual Entailment},
    year = {2005}
}

@InProceedings{pacsca-vandurme:2008:ACLMain,
  author    = {Pa\c{s}ca, Marius  and  Van Durme, Benjamin},
  title     = {Weakly-Supervised Acquisition of Open-Domain Classes and Class Attributes from Web Documents and Query Logs},
  booktitle = {Proceedings of ACL-08: HLT},
  month     = {June},
  year      = {2008},
  address   = {Columbus, Ohio},
  publisher = {Association for Computational Linguistics},
  pages     = {19--27},
  url       = {http://www.aclweb.org/anthology/P/P08/P08-1003}
}

@inproceedings{citeulike:1587018,
	address = {New York, NY, USA},
	author = {Pa\c{s}ca, Marius},
	booktitle = {WWW '07: Proceedings of the 16th international conference on World Wide Web},
	citeulike-article-id = {1587018},
	doi = {http://dx.doi.org/10.1145/1242572.1242587},
	isbn = {9781595936547},
	keywords = {query-log},
	pages = {101--110},
	posted-at = {2009-01-07 11:50:48},
	priority = {2},
	publisher = {ACM Press},
	title = {Organizing and searching the world wide web of facts -- step two: harnessing the wisdom of the crowds},
	url = {http://dx.doi.org/10.1145/1242572.1242587},
	year = {2007}
}

@INPROCEEDINGS{Cooper1996FraCaS,
    author = {Robin Cooper and Richard Crouch and Jan van Eijck and Chris Fox and Josef van Genabith and Jan Jaspers and Hans Kamp and Manfred Pinkal and Massimo Poesio and Stephen Pulman and Espen Vestre},
    title = {Describing the Approaches},
    booktitle = {The FraCaS Consortium},
    year = {1996}
}

@inproceedings{suchanek2007WWW,
 author = {Fabian M. Suchanek and Gjergji Kasneci and Gerhard Weikum},
 title = {{Yago: A Core of Semantic Knowledge}},
 booktitle = {16th international World Wide Web conference (WWW 2007)},
 year = {2007},
 location = {Banff, Canada},
 publisher = {ACM Press},
 address = {New York, NY, USA}
}

@InProceedings{richman-schone:2008:ACLMain,
  author    = {Richman, Alexander E.  and  Schone, Patrick},
  title     = {Mining Wiki Resources for Multilingual Named Entity Recognition},
  booktitle = {Proceedings of ACL-08: HLT},
  month     = {June},
  year      = {2008},
  address   = {Columbus, Ohio},
  publisher = {Association for Computational Linguistics},
  pages     = {1--9},
  url       = {http://www.aclweb.org/anthology/P/P08/P08-1001}
}

@article{citeulike:2157093,
	author = {Gabrilovich, E.  and Markovitch, S. },
	citeulike-article-id = {2157093},
	journal = {Proceedings of the 20th International Joint Conference on Artificial Intelligence},
	keywords = {esa, wikipedia},
	pages = {6--12},
	posted-at = {2008-05-16 23:14:03},
	priority = {2},
	title = {{Computing Semantic Relatedness using Wikipedia-based Explicit Semantic Analysis}},
	year = {2007}
}

@inproceedings{citeulike:282193,
	address = {Morristown, NJ, USA},
	author = {Hearst, Marti  A. },
	booktitle = {Proceedings of the 14th conference on Computational linguistics},
	citeulike-article-id = {282193},
	doi = {http://dx.doi.org/10.3115/992133.992154},
	keywords = {corpus, hyponym, statistical-nlp, text-mining},
	pages = {539--545},
	posted-at = {2007-05-30 12:52:51},
	priority = {2},
	publisher = {Association for Computational Linguistics},
	title = {Automatic acquisition of hyponyms from large text corpora},
	url = {http://dx.doi.org/10.3115/992133.992154},
	year = {1992}
}

@inproceedings{ilprints665,
       booktitle = {Advances in Neural Information Processing Systems (NIPS 2005)},
           month = {November},
           title = {Learning syntactic patterns for automatic hypernym discovery},
          author = {Rion Snow and Daniel Jurafsky and Andrew Y. Ng},
            year = {2005},
            note = {This is a draft version from the NIPS preproceedings;  the final version will be published by April 2005. },
         journal = {Advances in Neural Information Processing Systems 17},
             url = {http://ilpubs.stanford.edu:8090/665/},
}

 @phdthesis{pantel03phd,
title = {Clustering by committee},
author = {Patrick Andre Pantel},
note = {Adviser-Dekang Lin},
year = {2003},
description = {Clustering by committee},
isbn = {0-612-82151-X}, order_no = {AAINQ82151},
keywords = {clustering }
} 

@inproceedings{citeulike:2915130,
	address = {Morristown, NJ, USA},
	author = {Ravichandran, Deepak   and Pantel, Patrick   and Hovy, Eduard  },
	booktitle = {ACL '05: Proceedings of the 43rd Annual Meeting on Association for Computational Linguistics},
	citeulike-article-id = {2915130},
	doi = {http://dx.doi.org/10.3115/1219840.1219917},
	keywords = {computational-lexical-semantics, distributional-similarity},
	pages = {622--629},
	posted-at = {2008-06-22 14:09:48},
	priority = {0},
	publisher = {Association for Computational Linguistics},
	title = {Randomized algorithms and NLP: using locality sensitive hash function for high speed noun clustering},
	url = {http://dx.doi.org/10.3115/1219840.1219917},
	year = {2005}
}

@INPROCEEDINGS{Pereira93distributionalclustering,
    author = {Fernando Pereira},
    title = {Distributional clustering of english words},
    booktitle = {In Proceedings of the 31st Annual Meeting of the Association for Computational Linguistics},
    year = {1993},
    pages = {183--190}
}


@inproceedings{Snow2006,
	address = {Morristown, NJ, USA},
	author = {Snow, Rion   and Jurafsky, Daniel   and Ng, Andrew  Y. },
	booktitle = {ACL '06: Proceedings of the 21st International Conference on Computational Linguistics and the 44th annual meeting of the ACL},
	citeulike-article-id = {2707449},
	doi = {http://dx.doi.org/http://dx.doi.org/10.3115/1220175.1220276},
	pages = {801--808},
	posted-at = {2008-04-23 13:32:30},
	priority = {2},
	publisher = {Association for Computational Linguistics},
	title = {Semantic taxonomy induction from heterogenous evidence},
	url = {http://dx.doi.org/http://dx.doi.org/10.3115/1220175.1220276},
	year = {2006}
}

	